<collection xmlns="http://www.loc.gov/MARC21/slim">
<record>
  <leader>01479nam0a22002891i 450 </leader>
  <controlfield tag="001">IT\ICCU\CNCE\064284</controlfield>
  <controlfield tag="005">20160405000000.0</controlfield>
  <datafield tag="012" ind1=" " ind2=" ">
    <subfield code="a">les- a-e- a?or sgqu (3) 1600 (R)</subfield>
    <subfield code="2">fei</subfield>
    <subfield code="9">1</subfield>
  </datafield>
  <datafield tag="100" ind1=" " ind2=" ">
    <subfield code="a">20060316d1600        0itac0103    ba</subfield>
  </datafield>
  <datafield tag="101" ind1=" " ind2=" ">
    <subfield code="a">ITA</subfield>
  </datafield>
  <datafield tag="102" ind1=" " ind2=" ">
    <subfield code="a">IT</subfield>
  </datafield>
  <datafield tag="200" ind1="1" ind2=" ">
    <subfield code="a">℗Il ℗seruo fedele comedia nuoua di Tiberio Lunardi bolognese</subfield>
  </datafield>
  <datafield tag="210" ind1=" " ind2=" ">
    <subfield code="a">In Vinegia</subfield>
    <subfield code="c">presso Altobello Salicato</subfield>
    <subfield code="d">1600</subfield>
  </datafield>
  <datafield tag="215" ind1=" " ind2=" ">
    <subfield code="a">32 c.</subfield>
    <subfield code="d">8ʻ</subfield>
  </datafield>
  <datafield tag="620" ind1=" " ind2=" ">
    <subfield code="a">IT</subfield>
    <subfield code="d">Venezia</subfield>
  </datafield>
  <datafield tag="700" ind1=" " ind2="1">
    <subfield code="a">Lunardi,</subfield>
    <subfield code="b">Tiberio</subfield>
    <subfield code="3">IT\ICCU\CNCA\009071</subfield>
  </datafield>
  <datafield tag="712" ind1="0" ind2="0">
    <subfield code="a">Salicato, Altobello</subfield>
    <subfield code="3">IT\ICCU\CNCT\000039</subfield>
    <subfield code="4">650</subfield>
  </datafield>
  <datafield tag="791" ind1="0" ind2="2">
    <subfield code="a">Officina Salicatiana</subfield>
    <subfield code="3">IT\ICCU\CNCT\002589</subfield>
    <subfield code="z">Salicato, Altobello</subfield>
  </datafield>
  <datafield tag="791" ind1="0" ind2="0">
    <subfield code="a">Salicatius, Altobellus</subfield>
    <subfield code="3">IT\ICCU\CNCT\005539</subfield>
    <subfield code="z">Salicato, Altobello</subfield>
  </datafield>
  <datafield tag="791" ind1="0" ind2="0">
    <subfield code="a">Salicatus, Altobellus</subfield>
    <subfield code="3">IT\ICCU\CNCT\005540</subfield>
    <subfield code="z">Salicato, Altobello</subfield>
  </datafield>
  <datafield tag="791" ind1="0" ind2="2">
    <subfield code="a">Libreria della Fortezza</subfield>
    <subfield code="3">IT\ICCU\CNCT\006497</subfield>
    <subfield code="z">Salicato, Altobello</subfield>
  </datafield>
  <datafield tag="801" ind1=" " ind2="3">
    <subfield code="a">IT</subfield>
    <subfield code="b">ICCU</subfield>
    <subfield code="c">20201115</subfield>
  </datafield>
  <datafield tag="899" ind1=" " ind2=" ">
    <subfield code="a">Biblioteca nazionale Vittorio Emanuele III. Napoli</subfield>
    <subfield code="1">NA0079</subfield>
    <subfield code="2">NAP BN</subfield>
  </datafield>
  <datafield tag="899" ind1=" " ind2=" ">
    <subfield code="a">Biblioteca dell&apos;Accademia nazionale dei Lincei e Corsiniana. Roma</subfield>
    <subfield code="1">RM0418</subfield>
    <subfield code="2">RML 10</subfield>
  </datafield>
  <datafield tag="899" ind1=" " ind2=" ">
    <subfield code="a">Biblioteca nazionale Marciana. Venezia</subfield>
    <subfield code="1">VE0049</subfield>
    <subfield code="2">VEA BM</subfield>
  </datafield>
  <datafield tag="911" ind1=" " ind2=" ">
    <subfield code="a">Sul front.</subfield>
    <subfield code="9">IT\ICCU\CNCM\000325</subfield>
  </datafield>
  <datafield tag="921" ind1=" " ind2=" ">
    <subfield code="a">IT\ICCU\CNCM\000325</subfield>
    <subfield code="b">Fortezza (donna in piedi tiene sotto il braccio destro una colonna spezzata, con l&apos;altro tiene il troncone di base). In cornice figurata.</subfield>
    <subfield code="e">Materiam superat opus.</subfield>
    <subfield code="c">V281</subfield>
    <subfield code="c">Z562</subfield>
    <subfield code="d">Dimensioni: 3,9 x 5,3</subfield>
    <subfield code="f">COLONNA</subfield>
    <subfield code="f">FORTEZZA</subfield>
    <subfield code="f">MATERIAMSU</subfield>
    <subfield code="g">1572-1600</subfield>
  </datafield>
</record>
</collection>
